@MISC{WEBSITE:1,HOWPUBLISHED = "\url{https://www.stats.gov.nl.ca/Statistics/Labour/PDF/UnempRate.pdf}",AUTHOR = "Newfoundland & Labrador Statistics Agency, Department of Finance",TITLE = "Annual Average Unemployment Rate",MONTH = "Jan",YEAR = "2018",NOTE = "Accessed on 2019-07-27"}

